@article{bodnar22,
  title={Optimal shrinkage-based portfolio selection in high dimensions},
  author={Bodnar, Taras and Okhrin, Yarema and Parolya, Nestor},
  journal={Journal of Business \& Economic Statistics},
  volume={41},
  number={1},
  pages={140--156},
  year={2022},
  publisher={Taylor \& Francis}
}

@article{handa06,
  title={Does stock return predictability imply improved asset allocation and performance? Evidence from the US stock market (1954--2002)},
  author={Handa, Puneet and Tiwari, Ashish},
  journal={The Journal of Business},
  volume={79},
  number={5},
  pages={2423--2468},
  year={2006},
  publisher={JSTOR}
}

@article{ledoitwolf03,
  title={Honey, I shrunk the sample covariance matrix},
  author={Ledoit, Olivier and Wolf, Michael},
  journal={UPF economics and business working paper},
  number={691},
  year={2003}
}

@article{ledoitwolf2020,
  title={The Power of (Non-)Linear Shrinking: A Review and Guide to Covariance Matrix Estimation},
  author={Ledoit, Olivier and Wolf, Michael},
  journal={Journal of Financial Econometrics},
  volume={2020},
  pages={1--32},
  year={2020},
  publisher={Oxford University Press},
  doi={10.1093/jjfinec/nbaa007},
  received={May 10, 2019},
  revised={February 6, 2020},
  accepted={April 6, 2020}
}


@article{markowitz52,
  title={Portfolio Selection},
  author={Harry Markowitz},
  journal={The Journal of Business},
  volume={7},
  number={1},
  pages={77--91},
  year={1952},
  publisher={JSTOR}
}

@article{michaud07,
  title={Estimation error and portfolio optimization: a resampling solution},
  author={Michaud, Richard O and Michaud, Robert},
  journal={Available at SSRN 2658657},
  year={2007}
}

@article{pedersen21,
  title={Enhanced portfolio optimization},
  author={Pedersen, Lasse Heje and Babu, Abhilash and Levine, Ari},
  journal={Financial Analysts Journal},
  volume={77},
  number={2},
  pages={124--151},
  year={2021},
  publisher={Taylor \& Francis}
}

@article{rubinstein02,
  title={Markowitz's" portfolio selection": A fifty-year retrospective},
  author={Rubinstein, Mark},
  journal={The Journal of finance},
  volume={57},
  number={3},
  pages={1041--1045},
  year={2002},
  publisher={JSTOR}
}

@booklet{ICI2023Factbook,
  title = {2023 Investment Company Fact Book},
  author = {{ICI}},
  howpublished = {Online},
  year = {2023},
  note = {Accessed on April 25, 2024 via web: \url{https://www.icifactbook.org}}
}

@booklet{SPDowJones2023,
  title = {The Rise of Passive Management},
  author = {{S\&P Dow Jones Indices}},
  howpublished = {Presentation for Financial Professionals Only},
  year = {2023},
  month = {April},
  note = {Accessed on April 25, 2024:  \url{https://www.bing.com/ck/a?!&&p=6a41609f71fc3f8fJmltdHM9MTcxMzY1NzYwMCZpZ3VpZD0wOGVkNTk2Yi1kMTE4LTYwZDItMzMwZS00YWMzZDA2NjYxZmYmaW5zaWQ9NTIwNg&ptn=3&ver=2&hsh=3&fclid=08ed596b-d118-60d2-330e-4ac3d06661ff&psq=trend+towards+passive+investing+statistics&u=a1aHR0cHM6Ly93d3cuc3BnbG9iYWwuY29tL3NwZGppL2VuL2RvY3VtZW50cy9wcmVzZW50YXRpb25zLzIwMjMwNDA0LXByZXNlbnRhdGlvbi1kYXkxLTEzMTAtdGhlLXJpc2Utb2YtcGFzc2l2ZS1tYW5hZ2VtZW50LWEtbG9vay1hdC10aGUtbGFzdC0yMC15ZWFycy1lbi5wZGY_Zm9yY2VfZG93bmxvYWQ9dHJ1ZQ&ntb=1}}
}

@booklet{cfaStandards,
  author = {Kidd, Deborah},
  title = {The Sharpe Ratio and the Information Ratio},
  year = {2011},
  howpublished = {Published by CFA Institute},
  note = {Accessed on April 25, 2024 via web: \url{https://www.bing.com/ck/a?!&&p=256ae29b030c9ea2JmltdHM9MTcxMzc0NDAwMCZpZ3VpZD0wOGVkNTk2Yi1kMTE4LTYwZDItMzMwZS00YWMzZDA2NjYxZmYmaW5zaWQ9NTIxNg&ptn=3&ver=2&hsh=3&fclid=08ed596b-d118-60d2-330e-4ac3d06661ff&psq=The+Sharpe+Ratio+and+the+Information+Ratio+deborah+kidd&u=a1aHR0cHM6Ly9kZWJvcmFoa2lkZC5jb20vd3AtY29udGVudC91cGxvYWRzL1RoZS1TaGFycGUtUmF0aW8tYW5kLXRoZS1JbmZvcm1hdGlvbi1SYXRpby0xLnBkZg&ntb=1}}
}

